@ARTICLE{2018arXiv180405050B,
   author = {{Barclay}, T. and {Pepper}, J. and {Quintana}, E.~V.},
    title = "{A Revised Exoplanet Yield from the Transiting Exoplanet Survey Satellite (TESS)}",
  journal = {ArXiv e-prints},
archivePrefix = "arXiv",
   eprint = {1804.05050},
 primaryClass = "astro-ph.EP",
 keywords = {Astrophysics - Earth and Planetary Astrophysics},
     year = 2018,
    month = apr,
   adsurl = {http://adsabs.harvard.edu/abs/2018arXiv180405050B},
  adsnote = {Provided by the SAO/NASA Astrophysics Data System}
}


@ARTICLE{2015MNRAS.450.1879E,
   author = {{Espinoza}, N. and {Jord{\'a}n}, A.},
    title = "{Limb darkening and exoplanets: testing stellar model atmospheres and identifying biases in transit parameters}",
  journal = {\mnras},
archivePrefix = "arXiv",
   eprint = {1503.07020},
 primaryClass = "astro-ph.EP",
 keywords = {stars: atmospheres},
     year = 2015,
    month = jun,
   volume = 450,
    pages = {1879-1899},
      doi = {10.1093/mnras/stv744},
   adsurl = {http://adsabs.harvard.edu/abs/2015MNRAS.450.1879E},
  adsnote = {Provided by the SAO/NASA Astrophysics Data System}
}
@ARTICLE{2012ApJ...757..161T,
   author = {{Torres}, G. and {Fischer}, D.~A. and {Sozzetti}, A. and {Buchhave}, L.~A. and 
	{Winn}, J.~N. and {Holman}, M.~J. and {Carter}, J.~A.},
    title = "{Improved Spectroscopic Parameters for Transiting Planet Hosts}",
  journal = {\apj},
archivePrefix = "arXiv",
   eprint = {1208.1268},
 primaryClass = "astro-ph.SR",
 keywords = {planetary systems, stars: abundances, stars: fundamental parameters, techniques: spectroscopic},
     year = 2012,
    month = oct,
   volume = 757,
      eid = {161},
    pages = {161},
      doi = {10.1088/0004-637X/757/2/161},
   adsurl = {http://adsabs.harvard.edu/abs/2012ApJ...757..161T},
  adsnote = {Provided by the SAO/NASA Astrophysics Data System}
}

