@ARTICLE{2005ApJ...626..523C,
   author = {{Charbonneau}, D. and {Allen}, L.~E. and {Megeath}, S.~T. and 
	{Torres}, G. and {Alonso}, R. and {Brown}, T.~M. and {Gilliland}, R.~L. and 
	{Latham}, D.~W. and {Mandushev}, G. and {O'Donovan}, F.~T. and 
	{Sozzetti}, A.},
    title = "{Detection of Thermal Emission from an Extrasolar Planet}",
  journal = {\apj},
   eprint = {astro-ph/0503457},
 keywords = {Stars: Binaries: Eclipsing, Infrared: Stars, Stars: Planetary Systems, Stars: Individual: Alphanumeric: TrES-1, Techniques: Photometric},
     year = 2005,
    month = jun,
   volume = 626,
    pages = {523-529},
      doi = {10.1086/429991},
   adsurl = {http://adsabs.harvard.edu/abs/2005ApJ...626..523C},
  adsnote = {Provided by the SAO/NASA Astrophysics Data System}
}
@ARTICLE{2005Natur.434..740D, 
   author = {{Deming}, D. and {Seager}, S. and {Richardson}, L.~J. and {Harrington}, J.
	},
    title = "{Infrared radiation from an extrasolar planet}",
  journal = {\nat},
   eprint = {astro-ph/0503554},
     year = 2005,
    month = mar,
   volume = 434,
    pages = {740-743},
      doi = {10.1038/nature03507},
   adsurl = {http://adsabs.harvard.edu/abs/2005Natur.434..740D},
  adsnote = {Provided by the SAO/NASA Astrophysics Data System}
}
@article{boggs1990orthogonal,
  title={Orthogonal distance regression},
  author={Boggs, Paul T and Rogers, Janet E},
  journal={Contemporary Mathematics},
  volume={112},
  pages={183--194},
  year={1990}
}
@ARTICLE{2013A&A...558A..91P,
   author = {{Parmentier}, V. and {Showman}, A.~P. and {Lian}, Y.},
    title = "{3D mixing in hot Jupiters atmospheres. I. Application to the day/night cold trap in HD 209458b}",
  journal = {\aap},
archivePrefix = "arXiv",
   eprint = {1301.4522},
 primaryClass = "astro-ph.EP",
 keywords = {planets and satellites: atmospheres, methods: numerical, diffusion},
     year = 2013,
    month = oct,
   volume = 558,
      eid = {A91},
    pages = {A91},
      doi = {10.1051/0004-6361/201321132},
   adsurl = {http://adsabs.harvard.edu/abs/2013A%26A...558A..91P},
  adsnote = {Provided by the SAO/NASA Astrophysics Data System}
}
@ARTICLE{2018ApJ...853..133K,
   author = {{Koll}, D.~D.~B. and {Komacek}, T.~D.},
    title = "{Atmospheric Circulations of Hot Jupiters as Planetary Heat Engines}",
  journal = {\apj},
archivePrefix = "arXiv",
   eprint = {1712.07643},
 primaryClass = "astro-ph.EP",
 keywords = {hydrodynamics, methods: analytical, methods: numerical, planets and satellites: atmospheres, planets and satellites: individual: HD 189733b, HD 209458b},
     year = 2018,
    month = feb,
   volume = 853,
      eid = {133},
    pages = {133},
      doi = {10.3847/1538-4357/aaa3de},
   adsurl = {http://adsabs.harvard.edu/abs/2018ApJ...853..133K},
  adsnote = {Provided by the SAO/NASA Astrophysics Data System}
}
@ARTICLE{2000ApJ...538..885S,
   author = {{Sudarsky}, D. and {Burrows}, A. and {Pinto}, P.},
    title = "{Albedo and Reflection Spectra of Extrasolar Giant Planets}",
  journal = {\apj},
   eprint = {astro-ph/9910504},
 keywords = {Molecular Processes, Stars: Planetary Systems, Scattering},
     year = 2000,
    month = aug,
   volume = 538,
    pages = {885-903},
      doi = {10.1086/309160},
   adsurl = {http://adsabs.harvard.edu/abs/2000ApJ...538..885S},
  adsnote = {Provided by the SAO/NASA Astrophysics Data System}
}
@ARTICLE{2016Natur.529...59S,
   author = {{Sing}, D.~K. and {Fortney}, J.~J. and {Nikolov}, N. and {Wakeford}, H.~R. and 
	{Kataria}, T. and {Evans}, T.~M. and {Aigrain}, S. and {Ballester}, G.~E. and 
	{Burrows}, A.~S. and {Deming}, D. and {D{\'e}sert}, J.-M. and 
	{Gibson}, N.~P. and {Henry}, G.~W. and {Huitson}, C.~M. and 
	{Knutson}, H.~A. and {Lecavelier Des Etangs}, A. and {Pont}, F. and 
	{Showman}, A.~P. and {Vidal-Madjar}, A. and {Williamson}, M.~H. and 
	{Wilson}, P.~A.},
    title = "{A continuum from clear to cloudy hot-Jupiter exoplanets without primordial water depletion}",
  journal = {\nat},
archivePrefix = "arXiv",
   eprint = {1512.04341},
 primaryClass = "astro-ph.EP",
     year = 2016,
    month = jan,
   volume = 529,
    pages = {59-62},
      doi = {10.1038/nature16068},
   adsurl = {http://adsabs.harvard.edu/abs/2016Natur.529...59S},
  adsnote = {Provided by the SAO/NASA Astrophysics Data System}
}
@ARTICLE{2015ApJ...804..150E,
   author = {{Esteves}, L.~J. and {De Mooij}, E.~J.~W. and {Jayawardhana}, R.
	},
    title = "{Changing Phases of Alien Worlds: Probing Atmospheres of Kepler Planets with High-precision Photometry}",
  journal = {\apj},
archivePrefix = "arXiv",
   eprint = {1407.2245},
 primaryClass = "astro-ph.EP",
 keywords = {planet{\ndash}star interactions, planets and satellites: atmospheres, planets and satellites: gaseous planets, techniques: photometric},
     year = 2015,
    month = may,
   volume = 804,
      eid = {150},
    pages = {150},
      doi = {10.1088/0004-637X/804/2/150},
   adsurl = {http://adsabs.harvard.edu/abs/2015ApJ...804..150E},
  adsnote = {Provided by the SAO/NASA Astrophysics Data System}
}
@ARTICLE{2002A&A...385..166S,
   author = {{Showman}, A.~P. and {Guillot}, T.},
    title = "{Atmospheric circulation and tides of ``51 Pegasus b-like'' planets}",
  journal = {\aap},
   eprint = {astro-ph/0202236},
 keywords = {PLANETS AND SATELLITES: GENERAL, STARS: PLANETARY SYSTEMS},
     year = 2002,
    month = apr,
   volume = 385,
    pages = {166-180},
      doi = {10.1051/0004-6361:20020101},
   adsurl = {http://adsabs.harvard.edu/abs/2002A%26A...385..166S},
  adsnote = {Provided by the SAO/NASA Astrophysics Data System}
}
@ARTICLE{2007Natur.447..183K,
   author = {{Knutson}, H.~A. and {Charbonneau}, D. and {Allen}, L.~E. and 
	{Fortney}, J.~J. and {Agol}, E. and {Cowan}, N.~B. and {Showman}, A.~P. and 
	{Cooper}, C.~S. and {Megeath}, S.~T.},
    title = "{A map of the day-night contrast of the extrasolar planet HD 189733b}",
  journal = {\nat},
archivePrefix = "arXiv",
   eprint = {0705.0993},
     year = 2007,
    month = may,
   volume = 447,
    pages = {183-186},
      doi = {10.1038/nature05782},
   adsurl = {http://adsabs.harvard.edu/abs/2007Natur.447..183K},
  adsnote = {Provided by the SAO/NASA Astrophysics Data System}
}
@ARTICLE{2016Natur.532..207D,
   author = {{Demory}, B.-O. and {Gillon}, M. and {de Wit}, J. and {Madhusudhan}, N. and 
	{Bolmont}, E. and {Heng}, K. and {Kataria}, T. and {Lewis}, N. and 
	{Hu}, R. and {Krick}, J. and {Stamenkovi{\'c}}, V. and {Benneke}, B. and 
	{Kane}, S. and {Queloz}, D.},
    title = "{A map of the large day-night temperature gradient of a super-Earth exoplanet}",
  journal = {\nat},
archivePrefix = "arXiv",
   eprint = {1604.05725},
 primaryClass = "astro-ph.EP",
     year = 2016,
    month = apr,
   volume = 532,
    pages = {207-209},
      doi = {10.1038/nature17169},
   adsurl = {http://adsabs.harvard.edu/abs/2016Natur.532..207D},
  adsnote = {Provided by the SAO/NASA Astrophysics Data System}
}
@ARTICLE{2003ApJ...589..615F,
   author = {{Fortney}, J.~J. and {Sudarsky}, D. and {Hubeny}, I. and {Cooper}, C.~S. and 
	{Hubbard}, W.~B. and {Burrows}, A. and {Lunine}, J.~I.},
    title = "{On the Indirect Detection of Sodium in the Atmosphere of the Planetary Companion to HD 209458}",
  journal = {\apj},
   eprint = {astro-ph/0208263},
 keywords = {Stars: Planetary Systems, Radiative Transfer, Stars: Individual: Henry Draper Number: HD 209458},
     year = 2003,
    month = may,
   volume = 589,
    pages = {615-622},
      doi = {10.1086/374387},
   adsurl = {http://adsabs.harvard.edu/abs/2003ApJ...589..615F},
  adsnote = {Provided by the SAO/NASA Astrophysics Data System}
}
@ARTICLE{2018ApJS..239....2B,
   author = {{Barclay}, T. and {Pepper}, J. and {Quintana}, E.~V.},
    title = "{A Revised Exoplanet Yield from the Transiting Exoplanet Survey Satellite (TESS)}",
  journal = {\apjs},
archivePrefix = "arXiv",
   eprint = {1804.05050},
 primaryClass = "astro-ph.EP",
 keywords = {catalogs, methods: statistical, planetary systems, surveys },
     year = 2018,
    month = nov,
   volume = 239,
      eid = {2},
    pages = {2},
      doi = {10.3847/1538-4365/aae3e9},
   adsurl = {http://adsabs.harvard.edu/abs/2018ApJS..239....2B},
  adsnote = {Provided by the SAO/NASA Astrophysics Data System}
}


@ARTICLE{2018arXiv181106020S,
   author = {{Shporer}, A. and {Wong}, I. and {Huang}, C.~X. and {Line}, M.~R. and 
	{Stassun}, K.~G. and {Fetherolf}, T. and {Kane}, S. and {Ricker}, G.~R. and 
	{Latham}, D.~W. and {Seager}, S. and {Winn}, J.~N. and {Jenkins}, J.~M. and 
	{Glidden}, A. and {Berta-Thompson}, Z. and {Ting}, E.~B. and 
	{Li}, J. and {Haworth}, K.},
    title = "{TESS full orbital phase curve of the WASP-18b system}",
  journal = {arXiv e-prints},
archivePrefix = "arXiv",
   eprint = {1811.06020},
 primaryClass = "astro-ph.EP",
 keywords = {Astrophysics - Earth and Planetary Astrophysics, Astrophysics - Solar and Stellar Astrophysics},
     year = 2018,
    month = nov,
   adsurl = {http://adsabs.harvard.edu/abs/2018arXiv181106020S},
  adsnote = {Provided by the SAO/NASA Astrophysics Data System}
}
@MISC{2017ascl.soft11019L,
   author = {{Louden}, T. and {Kreidberg}, L.},
    title = "{SPIDERMAN: Fast code to simulate secondary transits and phase curves}",
 keywords = {Software },
howpublished = {Astrophysics Source Code Library},
     year = 2017,
    month = nov,
archivePrefix = "ascl",
   eprint = {1711.019},
   adsurl = {http://adsabs.harvard.edu/abs/2017ascl.soft11019L},
  adsnote = {Provided by the SAO/NASA Astrophysics Data System}
}
@ARTICLE{2011ApJ...738...71S,
   author = {{Showman}, A.~P. and {Polvani}, L.~M.},
    title = "{Equatorial Superrotation on Tidally Locked Exoplanets}",
  journal = {\apj},
archivePrefix = "arXiv",
   eprint = {1103.3101},
 primaryClass = "astro-ph.EP",
 keywords = {hydrodynamics, methods: analytical, methods: numerical, planets and satellites: atmospheres, planets and satellites: individual: HD 189733b, waves},
     year = 2011,
    month = sep,
   volume = 738,
      eid = {71},
    pages = {71},
      doi = {10.1088/0004-637X/738/1/71},
   adsurl = {http://adsabs.harvard.edu/abs/2011ApJ...738...71S},
  adsnote = {Provided by the SAO/NASA Astrophysics Data System}
}

@ARTICLE{2016ApJ...828...22P,
   author = {{Parmentier}, V. and {Fortney}, J.~J. and {Showman}, A.~P. and 
	{Morley}, C. and {Marley}, M.~S.},
    title = "{Transitions in the Cloud Composition of Hot Jupiters}",
  journal = {\apj},
archivePrefix = "arXiv",
   eprint = {1602.03088},
 primaryClass = "astro-ph.EP",
 keywords = {planets and satellites: atmospheres, planets and satellites: gaseous planets, radiative transfer, scattering},
     year = 2016,
    month = sep,
   volume = 828,
      eid = {22},
    pages = {22},
      doi = {10.3847/0004-637X/828/1/22},
   adsurl = {http://adsabs.harvard.edu/abs/2016ApJ...828...22P},
  adsnote = {Provided by the SAO/NASA Astrophysics Data System}
}
@ARTICLE{2016NatAs...1E...4A,
   author = {{Armstrong}, D.~J. and {de Mooij}, E. and {Barstow}, J. and 
	{Osborn}, H.~P. and {Blake}, J. and {Saniee}, N.~F.},
    title = "{Variability in the atmosphere of the hot giant planet HAT-P-7 b}",
  journal = {Nature Astronomy},
archivePrefix = "arXiv",
   eprint = {1612.04225},
 primaryClass = "astro-ph.EP",
     year = 2016,
    month = dec,
   volume = 1,
      eid = {0004},
    pages = {0004},
      doi = {10.1038/s41550-016-0004},
   adsurl = {http://adsabs.harvard.edu/abs/2016NatAs...1E...4A},
  adsnote = {Provided by the SAO/NASA Astrophysics Data System}
}
@ARTICLE{2011MNRAS.415.3921F,
   author = {{Faigler}, S. and {Mazeh}, T.},
    title = "{Photometric detection of non-transiting short-period low-mass companions through the beaming, ellipsoidal and reflection effects in Kepler and CoRoT light curves}",
  journal = {\mnras},
archivePrefix = "arXiv",
   eprint = {1106.2713},
 primaryClass = "astro-ph.EP",
 keywords = {methods: data analysis, binaries: eclipsing, binaries: general},
     year = 2011,
    month = aug,
   volume = 415,
    pages = {3921-3928},
      doi = {10.1111/j.1365-2966.2011.19011.x},
   adsurl = {http://adsabs.harvard.edu/abs/2011MNRAS.415.3921F},
  adsnote = {Provided by the SAO/NASA Astrophysics Data System}
}


@ARTICLE{2011AA...529A..75C,
   author = {{Claret}, A. and {Bloemen}, S.},
    title = "{Gravity and limb-darkening coefficients for the Kepler, CoRoT, Spitzer, uvby, UBVRIJHK, and Sloan photometric systems}",
  journal = {\aap},
 keywords = {binaries: eclipsing, stars: interiors, stars: rotation, stars: atmospheres, planetary systems},
     year = 2011,
    month = may,
   volume = 529,
      eid = {A75},
    pages = {A75},
      doi = {10.1051/0004-6361/201116451},
   adsurl = {http://adsabs.harvard.edu/abs/2011A%26A...529A..75C},
  adsnote = {Provided by the SAO/NASA Astrophysics Data System}
}

@ARTICLE{1985ApJ...295..143M,
   author = {{Morris}, S.~L.},
    title = "{The ellipsoidal variable stars}",
  journal = {\apj},
 keywords = {Binary Stars, Variable Stars, Astronomical Spectroscopy, Light Curve},
     year = 1985,
    month = aug,
   volume = 295,
    pages = {143-152},
      doi = {10.1086/163359},
   adsurl = {http://adsabs.harvard.edu/abs/1985ApJ...295..143M},
  adsnote = {Provided by the SAO/NASA Astrophysics Data System}
}


@ARTICLE{2019arXiv190101730H,
   author = {{Heller}, R.},
    title = "{Analytic solutions to the maximum and average exoplanet transit depth for common stellar limb darkening laws}",
  journal = {arXiv e-prints},
archivePrefix = "arXiv",
   eprint = {1901.01730},
 primaryClass = "astro-ph.EP",
 keywords = {Astrophysics - Earth and Planetary Astrophysics, Astrophysics - Solar and Stellar Astrophysics},
     year = 2019,
    month = jan,
   adsurl = {http://adsabs.harvard.edu/abs/2019arXiv190101730H},
  adsnote = {Provided by the SAO/NASA Astrophysics Data System}
}
@BOOK{1997ieas.book.....T,
   author = {{Taylor}, J.},
    title = "{Introduction to Error Analysis, the Study of Uncertainties in Physical Measurements, 2nd Edition}",
booktitle = {Published by University Science Books, 648 Broadway, Suite 902, New York, NY 10012, 1997.},
     year = 1997,
    month = aug,
publisher = {University Science Books},
   adsurl = {http://adsabs.harvard.edu/abs/1997ieas.book.....T},
  adsnote = {Provided by the SAO/NASA Astrophysics Data System}
}

@article{geyer1992,
author = "Geyer, Charles J.",
doi = "10.1214/ss/1177011137",
fjournal = "Statistical Science",
journal = "Statist. Sci.",
month = "11",
number = "4",
pages = "473--483",
publisher = "The Institute of Mathematical Statistics",
title = "Practical Markov Chain Monte Carlo",
url = "https://doi.org/10.1214/ss/1177011137",
volume = "7",
year = "1992"
}
@INPROCEEDINGS{Geweke92evaluatingthe,
    author = {{Geweke}, J.},
    title = {Evaluating the Accuracy of Sampling-Based Approaches to the Calculation of Posterior Moments},
    booktitle = {IN BAYESIAN STATISTICS },
    year = {1992},
    pages = {169--193},
    publisher = {University Press}
}
@ARTICLE{2010ApJ...713L.145W,
   author = {{Welsh}, W.~F. and {Orosz}, J.~A. and {Seager}, S. and {Fortney}, J.~J. and 
	{Jenkins}, J. and {Rowe}, J.~F. and {Koch}, D. and {Borucki}, W.~J.
	},
    title = "{The Discovery of Ellipsoidal Variations in the Kepler Light Curve of HAT-P-7}",
  journal = {\apjl},
archivePrefix = "arXiv",
   eprint = {1001.0413},
 primaryClass = "astro-ph.SR",
 keywords = {binaries: eclipsing, planetary systems, stars: individual: BD+47 2846 GSC0354014027},
     year = 2010,
    month = apr,
   volume = 713,
    pages = {L145-L149},
      doi = {10.1088/2041-8205/713/2/L145},
   adsurl = {http://adsabs.harvard.edu/abs/2010ApJ...713L.145W},
  adsnote = {Provided by the SAO/NASA Astrophysics Data System}
}
@ARTICLE{2003ApJ...588L.117L,
   author = {{Loeb}, A. and {Gaudi}, B.~S.},
    title = "{Periodic Flux Variability of Stars due to the Reflex Doppler Effect Induced by Planetary Companions}",
  journal = {\apjl},
   eprint = {astro-ph/0303212},
 keywords = {Stars: Planetary Systems, Techniques: Photometric},
     year = 2003,
    month = may,
   volume = 588,
    pages = {L117-L120},
      doi = {10.1086/375551},
   adsurl = {http://adsabs.harvard.edu/abs/2003ApJ...588L.117L},
  adsnote = {Provided by the SAO/NASA Astrophysics Data System}
}

@book{Press:2007:NRE:1403886,
 author = {Press, William H. and Teukolsky, Saul A. and Vetterling, William T. and Flannery, Brian P.},
 title = {Numerical Recipes 3rd Edition: The Art of Scientific Computing},
 year = {2007},
 isbn = {0521880688, 9780521880688},
 edition = {3},
 publisher = {Cambridge University Press},
 address = {New York, NY, USA},
} 
@ARTICLE{1976Ap&SS..39..447L, 
   author = {{Lomb}, N.~R.},
    title = "{Least-squares frequency analysis of unequally spaced data}",
  journal = {\apss},
 keywords = {Astronomy, Data Reduction, Least Squares Method, Background Noise, Power Spectra, Sine Waves, Spectrum Analysis, Statistical Analysis, Variable Stars},
     year = 1976,
    month = feb,
   volume = 39,
    pages = {447-462},
      doi = {10.1007/BF00648343},
   adsurl = {http://adsabs.harvard.edu/abs/1976Ap%26SS..39..447L},
  adsnote = {Provided by the SAO/NASA Astrophysics Data System}
}
@ARTICLE{1982ApJ...263..835S,
   author = {{Scargle}, J.~D.},
    title = "{Studies in astronomical time series analysis. II - Statistical aspects of spectral analysis of unevenly spaced data}",
  journal = {\apj},
 keywords = {Astronomy, Signal Detection, Spectrum Analysis, Statistical Distributions, Time Series Analysis, Fourier Transformation, Frequency Response, Power Spectra, Signal To Noise Ratios},
     year = 1982,
    month = dec,
   volume = 263,
    pages = {835-853},
      doi = {10.1086/160554},
   adsurl = {http://adsabs.harvard.edu/abs/1982ApJ...263..835S},
  adsnote = {Provided by the SAO/NASA Astrophysics Data System}
}
@ARTICLE{2013PASP..125..306F,
   author = {{Foreman-Mackey}, D. and {Hogg}, D.~W. and {Lang}, D. and {Goodman}, J.
	},
    title = "{emcee: The MCMC Hammer}",
  journal = {\pasp},
archivePrefix = "arXiv",
   eprint = {1202.3665},
 primaryClass = "astro-ph.IM",
     year = 2013,
    month = mar,
   volume = 125,
    pages = {306},
      doi = {10.1086/670067},
   adsurl = {http://adsabs.harvard.edu/abs/2013PASP..125..306F},
  adsnote = {Provided by the SAO/NASA Astrophysics Data System}
}
@misc{newville_2014_11813,
  author       = {Newville, Matthew and
                  Stensitzki, Till and
                  Allen, Daniel B. and
                  Ingargiola,  Antonino},
  title        = {{LMFIT: Non-Linear Least-Square Minimization and 
                   Curve-Fitting for Python}},
  month        = sep,
  year         = 2014,
  doi          = {10.5281/zenodo.11813},
  url          = {https://doi.org/10.5281/zenodo.11813}
}
@ARTICLE{2013ApJ...771...26F,
   author = {{Faigler}, S. and {Tal-Or}, L. and {Mazeh}, T. and {Latham}, D.~W. and 
	{Buchhave}, L.~A.},
    title = "{BEER Analysis of Kepler and CoRoT Light Curves. I. Discovery of Kepler-76b: A Hot Jupiter with Evidence for Superrotation}",
  journal = {\apj},
archivePrefix = "arXiv",
   eprint = {1304.6841},
 primaryClass = "astro-ph.EP",
 keywords = {binaries: spectroscopic, methods: data analysis, planets and satellites: detection, planets and satellites: individual: KIC 4570949b Kepler-76b},
     year = 2013,
    month = jul,
   volume = 771,
      eid = {26},
    pages = {26},
      doi = {10.1088/0004-637X/771/1/26},
   adsurl = {http://adsabs.harvard.edu/abs/2013ApJ...771...26F},
  adsnote = {Provided by the SAO/NASA Astrophysics Data System}
}
@ARTICLE{2002ApJ...580L.171M,
   author = {{Mandel}, K. and {Agol}, E.},
    title = "{Analytic Light Curves for Planetary Transit Searches}",
  journal = {\apjl},
   eprint = {astro-ph/0210099},
 keywords = {Stars: Binaries: Eclipsing, Eclipses, Occultations, Stars: Planetary Systems},
     year = 2002,
    month = dec,
   volume = 580,
    pages = {L171-L175},
      doi = {10.1086/345520},
   adsurl = {http://adsabs.harvard.edu/abs/2002ApJ...580L.171M},
  adsnote = {Provided by the SAO/NASA Astrophysics Data System}
}

@ARTICLE{2015MNRAS.450.1879E,
   author = {{Espinoza}, N. and {Jord{\'a}n}, A.},
    title = "{Limb darkening and exoplanets: testing stellar model atmospheres and identifying biases in transit parameters}",
  journal = {\mnras},
archivePrefix = "arXiv",
   eprint = {1503.07020},
 primaryClass = "astro-ph.EP",
 keywords = {stars: atmospheres},
     year = 2015,
    month = jun,
   volume = 450,
    pages = {1879-1899},
      doi = {10.1093/mnras/stv744},
   adsurl = {http://adsabs.harvard.edu/abs/2015MNRAS.450.1879E},
  adsnote = {Provided by the SAO/NASA Astrophysics Data System}
}
@ARTICLE{2012ApJ...757..161T,
   author = {{Torres}, G. and {Fischer}, D.~A. and {Sozzetti}, A. and {Buchhave}, L.~A. and 
	{Winn}, J.~N. and {Holman}, M.~J. and {Carter}, J.~A.},
    title = "{Improved Spectroscopic Parameters for Transiting Planet Hosts}",
  journal = {\apj},
archivePrefix = "arXiv",
   eprint = {1208.1268},
 primaryClass = "astro-ph.SR",
 keywords = {planetary systems, stars: abundances, stars: fundamental parameters, techniques: spectroscopic},
     year = 2012,
    month = oct,
   volume = 757,
      eid = {161},
    pages = {161},
      doi = {10.1088/0004-637X/757/2/161},
   adsurl = {http://adsabs.harvard.edu/abs/2012ApJ...757..161T},
  adsnote = {Provided by the SAO/NASA Astrophysics Data System}
}

